@book{Hartley_Zisserman_2004, 
	place={Cambridge}, 
	edition={2}, 
	title={Multiple View Geometry in Computer Vision}, 
	publisher={Cambridge University Press}, 
	author={Hartley, Richard and Zisserman, Andrew},
	year={2004}
} 

@book{forstner2016photogrammetric,
  title={Photogrammetric computer vision},
  author={F{\"o}rstner, Wolfgang and Wrobel, Bernhard P},
  year={2016},
  publisher={Springer}
}


@article{ransac,
	author = {Fischler, Martin A. and Bolles, Robert C.},
	title = {Random sample consensus: a paradigm for model fitting with applications to image analysis and automated cartography},
	year = {1981},
	issue_date = {June 1981},
	publisher = {Association for Computing Machinery},
	address = {New York, NY, USA},
	volume = {24},
	number = {6},
	issn = {0001-0782},
	//url = {https://doi.org/10.1145/358669.358692},
	//doi = {10.1145/358669.358692},
	journal = {Commun. ACM},
	//month = {jun},
	//pages = {381–395},
	numpages = {15},
	keywords = {scene analysis, model fitting, location determination, image matching, camera calibration, automated cartography}
}

@article{zhang2000,
  author={Zhang, Z.},
  journal={IEEE Transactions on Pattern Analysis and Machine Intelligence}, 
  title={A flexible new technique for camera calibration}, 
  year={2000},
  volume={22},
  number={11},
  //pages={1330-1334},
  keywords={Cameras;Calibration;Computer vision;Layout;Lenses;Nonlinear distortion;Closed-form solution;Maximum likelihood estimation;Computer simulation;Testing},
  doi={10.1109/34.888718}}

@article{lowe2004sift,
  title={Distinctive image features from scale-invariant keypoints},
  author={Lowe, David G},
  journal={International journal of computer vision},
  volume={60},
  //pages={91--110},
  year={2004},
  publisher={Springer}
}

@inproceedings{detone2018superpoint,
  title={Superpoint: Self-supervised interest point detection and description},
  author={DeTone, Daniel and Malisiewicz, Tomasz and Rabinovich, Andrew},
  booktitle={Proceedings of the IEEE conference on computer vision and pattern recognition workshops},
  //pages={224--236},
  year={2018}
}

@article{grunert1841,
  title={Das pothenotische problem in erweiterter gestalt nebst bber seine anwendungen in der geodasie},
  author={Grunert, Johann August},
  journal={Grunerts Archiv fur Mathematik und Physik},
  //pages={238--248},
  year={1841}
}

@inproceedings{ke2017efficient,
  title={An efficient algebraic solution to the perspective-three-point problem},
  author={Ke, Tong and Roumeliotis, Stergios I},
  booktitle={Proceedings of the IEEE Conference on Computer Vision and Pattern Recognition},
  //pages={7225--7233},
  year={2017}
}

@article{gao2003complete,
  title={Complete solution classification for the perspective-three-point problem},
  author={Gao, Xiao-Shan and Hou, Xiao-Rong and Tang, Jianliang and Cheng, Hang-Fei},
  journal={IEEE transactions on pattern analysis and machine intelligence},
  volume={25},
  number={8},
  //pages={930--943},
  year={2003},
  publisher={IEEE}
}

@inproceedings{kneip2011novel,
  title={A novel parametrization of the perspective-three-point problem for a direct computation of absolute camera position and orientation},
  author={Kneip, Laurent and Scaramuzza, Davide and Siegwart, Roland},
  booktitle={CVPR 2011},
  //pages={2969--2976},
  year={2011},
  organization={IEEE}
}

@article{malis2007deeper,
  title={Deeper understanding of the homography decomposition for vision-based control},
  author={Malis, Ezio and Vargas Villanueva, Manuel},
  year={2007}
}


# Calibration
@article{fuu2016automatic,
  title={Automatic Display-Camera Extrinsic Calibration Method Using an Annular Mirror.},
  author={Fuu, Shengpeng and Zhao, Jibin and Xia, Renbo and Liu, Weijun},
  journal={Journal of Information Science \& Engineering},
  volume={32},
  number={4},
  year={2016}
}

@article{van2021extrinsic,
  title={Extrinsic camera calibration with line-laser projection},
  author={Van Crombrugge, Izaak and Penne, Rudi and Vanlanduit, Steve},
  journal={Sensors},
  volume={21},
  number={4},
  //pages={1091},
  year={2021},
  publisher={MDPI}
}

@article{liu2022targetless,
  title={Targetless extrinsic calibration of multiple small FoV LiDARs and cameras using adaptive voxelization},
  author={Liu, Xiyuan and Yuan, Chongjian and Zhang, Fu},
  journal={IEEE Transactions on Instrumentation and Measurement},
  volume={71},
  //pages={1--12},
  year={2022},
  publisher={IEEE}
}

@article{dexheimer2022information,
  title={Information-theoretic online multi-camera extrinsic calibration},
  author={Dexheimer, Eric and Peluse, Patrick and Chen, Jianhui and Pritts, James and Kaess, Michael},
  journal={IEEE Robotics and Automation Letters},
  volume={7},
  number={2},
  //pages={4757--4764},
  year={2022},
  publisher={IEEE}
}

@inproceedings{carrera2011slam,
  title={SLAM-based automatic extrinsic calibration of a multi-camera rig},
  author={Carrera, Gerardo and Angeli, Adrien and Davison, Andrew J},
  booktitle={2011 IEEE International Conference on Robotics and Automation},
  //pages={2652--2659},
  year={2011},
  organization={IEEE}
}

@article{truong2019automatic,
  title={Automatic Multi-Camera extrinsic parameter calibration based on pedestrian torsors},
  author={Truong, Anh Minh and Philips, Wilfried and Deligiannis, Nikos and Abrahamyan, Lusine and Guan, Junzhi},
  journal={Sensors},
  volume={19},
  number={22},
  //pages={4989},
  year={2019},
  publisher={MDPI}
}

@article{van2020extrinsic,
  title={Extrinsic camera calibration for non-overlapping cameras with Gray code projection},
  author={Van Crombrugge, Izaak and Penne, Rudi and Vanlanduit, Steve},
  journal={Optics and Lasers in Engineering},
  volume={134},
  //pages={106305},
  year={2020},
  publisher={Elsevier}
}

@article{xia2018global,
  title={Global calibration of non-overlapping cameras: State of the art},
  author={Xia, Renbo and Hu, Maobang and Zhao, Jibin and Chen, Songlin and Chen, Yueling and Fu, ShengPeng},
  journal={Optik},
  volume={158},
  //pages={951--961},
  year={2018},
  publisher={Elsevier}
}

@ARTICLE{tsai1987,
  author={Tsai, R.},
  journal={IEEE Journal on Robotics and Automation}, 
  title={A versatile camera calibration technique for high-accuracy 3D machine vision metrology using off-the-shelf TV cameras and lenses}, 
  year={1987},
  volume={3},
  number={4},
  //pages={323-344},
  keywords={Cameras;Calibration;Machine vision;Metrology;TV;Lenses;Robot vision systems;Robotic assembly;Robot kinematics;Application software},
  doi={10.1109/JRA.1987.1087109}}


@inproceedings{patzold2022online,
  title={Online marker-free extrinsic camera calibration using person keypoint detections},
  author={P{\"a}tzold, Bastian and Bultmann, Simon and Behnke, Sven},
  booktitle={DAGM German Conference on Pattern Recognition},
  //pages={300--316},
  year={2022},
  organization={Springer}
}

@inproceedings{olson2011apriltag,
  title={AprilTag: A robust and flexible visual fiducial system},
  author={Olson, Edwin},
  booktitle={2011 IEEE international conference on robotics and automation},
  //pages={3400--3407},
  year={2011},
  organization={IEEE}
}

@article{tripicchio2022multi,
  title={Multi-camera extrinsic calibration for real-time tracking in large outdoor environments},
  author={Tripicchio, Paolo and D’Avella, Salvatore and Camacho-Gonzalez, Gerardo and Landolfi, Lorenzo and Baris, Gabriele and Avizzano, Carlo Alberto and Filippeschi, Alessandro},
  journal={Journal of Sensor and Actuator Networks},
  volume={11},
  number={3},
  //pages={40},
  year={2022},
  publisher={MDPI}
}

@inproceedings{sarlin2020superglue,
  title={Superglue: Learning feature matching with graph neural networks},
  author={Sarlin, Paul-Edouard and DeTone, Daniel and Malisiewicz, Tomasz and Rabinovich, Andrew},
  booktitle={Proceedings of the IEEE/CVF conference on computer vision and pattern recognition},
  //pages={4938--4947},
  year={2020}
}

@article{lu2004global,
  title={A global calibration method for large-scale multi-sensor visual measurement systems},
  author={Lu, RS and Li, YF},
  journal={Sensors and Actuators A: Physical},
  volume={116},
  number={3},
  //pages={384--393},
  year={2004},
  publisher={Elsevier}
}

@INPROCEEDINGS{cheng2015,
  author={Jianhui, Cheng and Shunan, Ren and Guolei, Wang and Xiangdong, Yang and Ken, Chen},
  booktitle={2015 IEEE International Conference on Cyber Technology in Automation, Control, and Intelligent Systems (CYBER)}, 
  title={Calibration and compensation to large-scale multi-robot motion platform using laser tracker}, 
  year={2015},
  volume={},
  number={},
  //pages={163-168},
  keywords={Robot kinematics;Measurement uncertainty;Spraying;Coordinate measuring machines;Tracking;motion platform;coordinate system calibration;error compensation;laser tracker},
  doi={10.1109/CYBER.2015.7287928}}

  @article{raposo2017extrinsic,
  title={Extrinsic calibration of multi-modal sensor arrangements with non-overlapping field-of-view},
  author={Raposo, Carolina and Barreto, Joao Pedro and Nunes, Urbano},
  journal={Machine Vision and Applications},
  volume={28},
  //pages={141--155},
  year={2017},
  publisher={Springer}
}

@ARTICLE{miyata2018,
  author={Miyata, Shogo and Saito, Hideo and Takahashi, Kosuke and Mikami, Dan and Isogawa, Mariko and Kojima, Akira},
  journal={IEEE Transactions on Circuits and Systems for Video Technology}, 
  title={Extrinsic Camera Calibration Without Visible Corresponding Points Using Omnidirectional Cameras}, 
  year={2018},
  volume={28},
  number={9},
  //pages={2210-2219},
  keywords={Cameras;Calibration;Three-dimensional displays;Robot vision systems;Mirrors;Fixtures;Solid modeling;Camera calibration;omnidirectional camera;non-overlapping cameras},
  doi={10.1109/TCSVT.2017.2731792}}

  @ARTICLE{sola2008,
  author={Sola, Joan and Monin, Andre and Devy, Michel and Vidal-Calleja, Teresa},
  journal={IEEE Transactions on Robotics}, 
  title={Fusing Monocular Information in Multicamera SLAM}, 
  year={2008},
  volume={24},
  number={5},
  //pages={958-968},
  keywords={Simultaneous localization and mapping;Cameras;Delay estimation;Robot vision systems;Crystallization;Image sequence analysis;Kalman filters;Filtering;Machine vision;Calibration;image sequence analysis;Kalman filtering;machine vision;robot vision systems;stereovision;Calibration;image sequence analysis;Kalman filtering;machine vision;robot vision systems;stereovision},
  doi={10.1109/TRO.2008.2004640}}


@inproceedings{xu2021wide,
  title={Wide-baseline multi-camera calibration using person re-identification},
  author={Xu, Yan and Li, Yu-Jhe and Weng, Xinshuo and Kitani, Kris},
  booktitle={Proceedings of the IEEE/CVF Conference on Computer Vision and Pattern Recognition},
  //pages={13134--13143},
  year={2021}
}

